@electronic{r1,
  author = "YouTube",
  title = "{Lutron Occupancy Sensor}",
  url = "https://www.youtube.com/watch?v=fyUyC5S1YTc"
}

@electronic{r2,
  author = "LegrandIndustries", 
  title = "{WIRELESS CEILING MOUNT PIR OCCUPANCY SENSOR}",
  url = "https://www.legrand.ca/aboutus/legrand/overview.aspx and https://www.legrand.ca/wattstopper/sensors/wireless-occupancy-sensor/eopc-100.aspx"
}

@article{r3,
  author = "Lynette Jones", 
  title = "{Thermal Touch}",
  journal = "Scholarpedia",
  volume = "4(5):7955",
  year = "2009",
  url = "http://www.scholarpedia.org/article/Thermal_touch"
}

@standard{r4,
  title = "Ergonomics of the thermal environment — Analytical determination and interpretation of thermal comfort using calculation of the PMV and PPD indices and local thermal comfort criteria",
  number = "ISO 7730:2005(en)",
  year = "2005-11",
  url = "https://www.iso.org/obp/ui/#iso:std:iso:7730:ed-3:v1:en"
}

@article{r5,
  author = "Boris Pavlin",
  title = "Real-Time Monitoring of Occupants’ Thermal Comfort through Infrared Imaging: A Preliminary Study",
  journal = "Buildings",
  volume = "7(1)",
  year = "2017",
  doi = "10.3390/buildings7010010",
  url = "https://www.mdpi.com/2075-5309/7/1/10/htm"
}

@electronic{r6,
 author = "lady ada",
 title = "{How PIRs Work}",
 url = "https://learn.adafruit.com/pir-passive-infrared-proximity-motion-sensor/how-pirs-work"
}

@electronic{r7,
  author = "Arvind Sanjeev",
  title = "Learn how to use GPIO pins and interface a motion sensor with a Raspberry Pi.",
  url = "https://maker.pro/raspberry-pi/tutorial/how-to-interface-a-pir-motion-sensor-with-raspberry-pi-gpio"
}

@electronic{r8,
  author = "RoyTecTips",
  title = "Turn any Web Cam into an Infrared Night Vision web cam within 5 min - DIY LifeHack Project",
  url = "https://www.youtube.com/watch?v=1oGN0tVLeiw"
}

@electronic{r9,
  author = "Manitoba Hydro",
  title = "How to calculate square footage for installation",
  url = "https://www.hydro.mb.ca/your_home/insulation/program/calculating_square_footage_for_insulation.shtml - Insulation formulas for estimations on heat loss"
}

@electronic{r10,
  title = "Smart Vents",
  url = "https://www.postscapes.com/wireless-vent-keen/"
}

@electronic{r11,
  title = "WiFi Module - ESP 8266",
  url = "https://www.sparkfun.com/products/13678",
}

@electronic{r12,
  title = "XBee 1mW Trace Antenna - Series 1 (802.15.4)",
  url = "https://www.sparkfun.com/products/11215",
}

@electronic{r13,
  title = "Bluetooth 4.0 (Low Energy)",
  url = "http://mindbowser.com/comparison-between-ble-and-zigbee/",
}

@electronic{r14,
  author = "NEC",
  title = "High occupancy vehicle compliance",
  url = "https://www.necam.com/AdvancedRecognitionSystems/Products/TruCount/",
}

@article{r15,
  author = "Jeon Yunwan", 
  title = "{IoT-based occupancy detection system in indoor residential environments}",
  journal = "Building and Environment",
  volume = "132",
  year = "2018",
  url = "https://www.sciencedirect.com/science/article/pii/S0360132318300611"
}

@electronic{r16,
  author = "NEST",
  title = "Nest Temperature Sensor",
  url = "https://nest.com/ca/thermostats/nest-temperature-sensor/overview/",
}

@electronic{r17,
  author = "EcoBee",
  title = "EcoBee 4",
  url = "https://shop-ca.ecobee.com/products/ecobee4",
}
